@INPROCEEDINGS{Eidenberger2010,
	author={R. Eidenberger and J. Scharinger}, 
	booktitle={IEEE/RSJ International Conference on Intelligent Robots and Systems}, 
	title={Active perception and scene modeling by planning with probabilistic 6D object poses}, 
	year={2010}, 
	pages={1036-1043}, 
	keywords={Markov processes;computer graphics;pose estimation;position control;service robots;statistical distributions;visual perception;arbitrary object positions;autonomous service robots;cluttered environments;information theoretic quality criteria;large database;occlusion;partially observable Markov decision process;probabilistic 6D object pose estimation;probabilistic active perception planning;probability distributions;scene modeling;sequential decision making;state transition uncertainties}, 
	doi={10.1109/IROS.2010.5651927}, 
	ISSN={2153-0858}, 
	month={Oct},}

@inproceedings{Gschwandtner2011,
	author = {Gschwandtner, Michael and Kwitt, Roland and Uhl, Andreas and Pree, Wolfgang},
	title = {BlenSor: Blender Sensor Simulation Toolbox},
	booktitle = {Proceedings of the 7th International Conference on Advances in Visual Computing - Volume Part II},
	series = {ISVC'11},
	year = {2011},
	isbn = {978-3-642-24030-0},
	location = {Las Vegas, NV, USA},
	pages = {199--208},
	numpages = {10},
	acmid = {2045219},
	publisher = {Springer-Verlag},
	address = {Berlin, Heidelberg},
}
//url = {http://dl.acm.org/citation.cfm?id=2045195.2045219},

@INPROCEEDINGS{Stampfer2012, 
	author={D. Stampfer and M. Lutz and C. Schlegel}, 
	booktitle={IEEE International Conference on Technologies for Practical Robot Applications (TePRA)}, 
	title={Information driven sensor placement for robust active object recognition based on multiple views}, 
	year={2012}, 
	pages={133-138}, 
	keywords={automatic optical inspection;cameras;natural scenes;object recognition;optimisation;probability;robot vision;sensor placement;service robots;active object recognition;camera;feature inspection;information driven sensor placement;mobile manipulator;object inspection;optimization;recognition probability;scene image capturing;service robot;viewpoint selection;Cameras;Image recognition;Inspection;Manipulators;Object recognition;Robot vision systems}, 
	doi={10.1109/TePRA.2012.6215667}, 
	ISSN={2325-0526}, 
	month={April},}

@ARTICLE{Atanasov2014, 
	author={N. Atanasov and B. Sankaran and J. Le Ny and G. J. Pappas and K. Daniilidis}, 
	journal={IEEE Transactions on Robotics}, 
	title={Nonmyopic View Planning for Active Object Classification and Pose Estimation}, 
	year={2014}, 
	volume={30}, 
	number={5}, 
	pages={1078-1090}, 
	keywords={Markov processes;cameras;decision theory;image classification;object detection;pose estimation;robot vision;PR2 robot;active hypothesis testing problem;active object classification;computer vision;greedy viewpoint selection;mobile depth camera;nonmyopic view planning;point-based approximate partially observable Markov decision process algorithm;pose estimation;sensor mobility;single image processing;static object detection;Cameras;Detectors;Estimation;Mobile communication;Planning;Robot sensing systems;Active object classification and pose estimation;hypothesis testing;motion control;planning and control for mobile sensors;recognition;robotics;vocabulary tree}, 
	doi={10.1109/TRO.2014.2320795}, 
	ISSN={1552-3098}, 
	month={Oct},}

@INPROCEEDINGS{Nieuwenhuisen2013, 
	author={M. Nieuwenhuisen and D. Droeschel and D. Holz and J. Stückler and A. Berner and J. Li and R. Klein and S. Behnke}, 
	booktitle={IEEE International Conference on Robotics and Automation}, 
	title={Mobile bin picking with an anthropomorphic service robot}, 
	year={2013}, 
	pages={2327-2334}, 
	keywords={mobile robots;motion control;object detection;service robots;anthropomorphic mobile robot;anthropomorphic service robot;arm motion;global navigation technique;grasp motion;local multiresolution height map;mobile bin picking;shape primitive-based approach;Mobile communication;Navigation;Planning;Robot sensing systems;Service robots;Shape}, 
	doi={10.1109/ICRA.2013.6630892}, 
	ISSN={1050-4729}, 
	month={May},}

@Inbook{Holz2014,
	author="Holz, Dirk
	and Nieuwenhuisen, Matthias
	and Droeschel, David
	and St{\"u}ckler, J{\"o}rg
	and Berner, Alexander
	and Li, Jun
	and Klein, Reinhard
	and Behnke, Sven",
	title="Active Recognition and Manipulation for Mobile Robot Bin Picking",
	bookTitle="Gearing Up and Accelerating Cross‐fertilization between Academic and Industrial Robotics Research in Europe:: Technology Transfer Experiments from the ECHORD Project",
	year="2014",
	publisher="Springer International Publishing",
	pages="133--153",
	isbn="978-3-319-03838-4",
	doi="10.1007/978-3-319-03838-4_7",
}
//address="Cham",
//url="http://dx.doi.org/10.1007/978-3-319-03838-4_7"

@article{Potthast2014,
	title = "A probabilistic framework for next best view estimation in a cluttered environment ",
	journal = "Journal of Visual Communication and Image Representation ",
	volume = "25",
	number = "1",
	pages = "148 - 164",
	year = "2014",
	issn = "1047-3203",
	doi = "http://dx.doi.org/10.1016/j.jvcir.2013.07.006",
	author = "Christian Potthast and Gaurav S. Sukhatme",
	keywords = "Next best view estimation",
	keywords = "Sensor placement",
	keywords = "Sensor planning",
	keywords = "View planning",
	keywords = "Robot exploration",
	keywords = "3-D perception",
	keywords = "Cluttered environments",
	keywords = "Missing points "
}
//note = "Visual Understanding and Applications with RGB-D Cameras ",
//url = "http://www.sciencedirect.com/science/article/pii/S1047320313001387",

@INPROCEEDINGS{Mezei2016, 
	author={A. D. Mezei and L. Tamas}, 
	booktitle={IEEE 12th International Conference on Intelligent Computer Communication and Processing (ICCP)}, 
	title={Active perception for object manipulation}, 
	year={2016}, 
	pages={269-274}, 
	keywords={cameras;manipulators;object detection;robot vision;active perception;depth camera;object manipulation;planning phase;pose information;robotic arm;Calibration;Cameras;Pipelines;Planning;Robot sensing systems;Shape}, 
	doi={10.1109/ICCP.2016.7737158}, 
	month={Sept},}

@INPROCEEDINGS{Bircher2016, 
	author={A. Bircher and M. Kamel and K. Alexis and H. Oleynikova and R. Siegwart}, 
	booktitle={IEEE International Conference on Robotics and Automation (ICRA)}, 
	title={Receding Horizon "Next-Best-View" Planner for 3D Exploration}, 
	year={2016}, 
	pages={1462-1468}, 
	keywords={autonomous aerial vehicles;path planning;trees (mathematics);3D exploration;aerial robotic platforms;autonomous exploration;next-best-view planner;path planning algorithm;random tree;receding horizon;Navigation;Planning;Robot sensing systems;Space exploration;Three-dimensional displays;Vehicles}, 
	doi={10.1109/ICRA.2016.7487281}, 
	month={May},}

@InProceedings{Gedicke2016,
	title = {{FLAP} for {CAOS}: Forward-Looking Active Perception for Clutter-Aware Object Search},
	author = {Thorsten Gedicke and Martin G{\"u}nther and Joachim Hertzberg},
	booktitle = {Proc. 9th IFAC Symposium on Intelligent Autonomous Vehicles (IAV)},
	year = {2016},
	address = {Leipzig, Germany},
	pages = {114--119},
	month = jun,
	publisher = {IFAC}
}

@INPROCEEDINGS{Sheinin2016, 
	author={M. Sheinin and Y. Y. Schechner}, 
	booktitle={2016 IEEE Conference on Computer Vision and Pattern Recognition (CVPR)}, 
	title={The Next Best Underwater View}, 
	year={2016}, 
	pages={3764-3773}, 
	keywords={image resolution;information theory;optimisation;robot vision;sonar;artificial lighting;camera time-varying poses;cooperative movable lighting;data quality;descattered recovery;geometric occlusions;high resolution image;information gain;information theory;light source;occlusion-prone scenes;optimization criterion;robot vision;rough 3D model;scattering media;sonar;underwater view;Backscatter;Cameras;Lighting;Media;Scattering;Sea surface;Three-dimensional displays}, 
	doi={10.1109/CVPR.2016.409}, 
	month={June},}

@INPROCEEDINGS{Krainin2011, 
	author={M. Krainin and B. Curless and D. Fox}, 
	booktitle={IEEE International Conference on Robotics and Automation}, 
	title={Autonomous generation of complete 3D object models using next best view manipulation planning}, 
	year={2011}, 
	pages={5031-5037}, 
	keywords={cameras;grippers;mobile robots;object recognition;robot vision;solid modelling;3D object model;3D surface model;autonomous generation;information gain based variant;mobile robot;object grasp;object manipulation;object recognition;robot manipulator;view manipulation planning;Cameras;Manipulators;Robot vision systems;Surface reconstruction;Uncertainty}, 
	doi={10.1109/ICRA.2011.5980429}, 
	ISSN={1050-4729}, 
	month={May},}

@article{Irving2014,
	author = {J. Irving Vasquez-Gomez and L. Enrique Sucar and Rafael Murrieta-Cid and Efrain Lopez-Damian},
	title = {Volumetric Next-best-view Planning for 3D Object Reconstruction with Positioning Error},
	journal = {International Journal of Advanced Robotic Systems},
	volume = {11},
	number = {10},
	pages = {159},
	year = {2014},
	doi = {10.5772/58759},
}

@ARTICLE{Guo2008, 
	author={Z. Guo and M. Zhou and G. Jiang}, 
	journal={IEEE Transactions on Systems, Man, and Cybernetics, Part B (Cybernetics)}, 
	title={Adaptive Sensor Placement and Boundary Estimation for Monitoring Mass Objects}, 
	year={2008}, 
	volume={38}, 
	number={1}, 
	pages={222-232}, 
	doi={10.1109/TSMCB.2007.910531}, 
	ISSN={1083-4419}, 
	month={Feb},}

@article{Zhao2013,
	author = {Shiyu Zhao and Ben M. Chen and Tong H. Lee},
	title = {Optimal sensor placement for target localisation and tracking in 2D and 3D},
	journal = {International Journal of Control},
	volume = {86},
	number = {10},
	pages = {1687-1704},
	year = {2013},
	doi = {10.1080/00207179.2013.792606},	
}

@INPROCEEDINGS{Yuan2008, 
	author={Z. Yuan and R. Tan and G. Xing and C. Lu and Y. Chen and J. Wang}, 
	booktitle={Real-Time Systems Symposium}, 
	title={Fast Sensor Placement Algorithms for Fusion-Based Target Detection}, 
	year={2008}, 
	pages={103-112}, 
	keywords={computational complexity;object detection;optimisation;sensor fusion;wireless sensor networks;computational complexity;data fusion;fast sensor placement algorithms;fusion-based target detection;maximum detection performance;nonlinear optimization problem;probabilistic data fusion model;wireless sensor networks;Computational complexity;Computational modeling;Face detection;Mission critical systems;Object detection;Sensor fusion;Sensor phenomena and characterization;Sensor systems;Signal processing algorithms;Wireless sensor networks}, 
	doi={10.1109/RTSS.2008.39}, 
	ISSN={1052-8725}, 
	month={Nov},}

@Article{Salinas2013,
	AUTHOR = {Moreno-Salinas, David and Pascoal, Antonio M. and Aranda, Joaquin},
	TITLE = {Optimal Sensor Placement for Multiple Target Positioning with Range-Only Measurements in Two-Dimensional Scenarios},
	JOURNAL = {Sensors},
	VOLUME = {13},
	YEAR = {2013},
	NUMBER = {8},
	PAGES = {10674--10710},
	PubMedID = {23959235},
	ISSN = {1424-8220},
	DOI = {10.3390/s130810674}
}
//URL = {http://www.mdpi.com/1424-8220/13/8/10674},

@INPROCEEDINGS{Kyriazis2013, 
	author={N. Kyriazis and A. Argyros}, 
	booktitle={IEEE Conference on Computer Vision and Pattern Recognition}, 
	title={Physically Plausible 3D Scene Tracking: The Single Actor Hypothesis}, 
	year={2013}, 
	pages={9-16}, 
	keywords={image motion analysis;object tracking;3D hand-object interaction;3D pose;Newtonian dynamics;direct consequence;hand motion;model-based 3D tracking;observability issues;physically plausible 3D scene tracking;single actor hypothesis;straightforward representation;table-top scene;Cameras;Dynamics;Optimization;Shape;Solid modeling;Three-dimensional displays;Tracking;3d;actor;hand;hypothesis;multi;physically;physics;plausible;single;tracking}, 
	doi={10.1109/CVPR.2013.9}, 
	ISSN={1063-6919}, 
	month={June},}

@Inbook{Sridhar2016,
	author="Sridhar, Srinath
	and Mueller, Franziska
	and Zollh{\"o}fer, Michael
	and Casas, Dan
	and Oulasvirta, Antti
	and Theobalt, Christian",
	title="Real-Time Joint Tracking of a Hand Manipulating an Object from RGB-D Input",
	bookTitle="Computer Vision -- ECCV 2016: 14th European Conference, Amsterdam, The Netherlands, October 11-14, 2016, Proceedings, Part II",
	year="2016",
	publisher="Springer International Publishing",
	pages="294--310",
	isbn="978-3-319-46475-6",
	doi="10.1007/978-3-319-46475-6_19",
}
//url="http://dx.doi.org/10.1007/978-3-319-46475-6_19"
//address="Cham",

@INPROCEEDINGS{Hamer2009, 
	author={H. Hamer and K. Schindler and E. Koller-Meier and L. V. Gool}, 
	booktitle={IEEE 12th International Conference on Computer Vision}, 
	title={Tracking a hand manipulating an object}, 
	year={2009}, 
	pages={1475-1482}, 
	keywords={Markov processes;belief maintenance;computer vision;image colour analysis;image motion analysis;object detection;anatomical constraint;anatomical hand structure;belief propagation;hand tracking;local tracker;pairwise Markov random field;self-occlusion;soft constraint;Application software;Belief propagation;Computer science;Computer vision;Fingers;Joints;Laboratories;Markov random fields;Robustness;Tracking}, 
	doi={10.1109/ICCV.2009.5459282}, 
	ISSN={1550-5499}, 
	month={Sept},}

@ARTICLE{Hu2022,
	author={Hu, Jie and Pagilla, Prabhakar R.},
	journal={IEEE Robotics and Automation Letters}, 
	title={View Planning for Object Pose Estimation Using Point Clouds: An Active Robot Perception Approach}, 
	year={2022},
	volume={7},
	number={4},
	pages={9248-9255},
	doi={10.1109/LRA.2022.3189821}}


@article{Jubert2021,
	title = {Survey on the View Planning Problem for Reverse Engineering and Automated Control Applications},
	journal = {Computer-Aided Design},
	volume = {141},
	pages = {103094},
	year = {2021},
	issn = {0010-4485},
	doi = {10.1016/j.cad.2021.103094},
	author = {Manon Peuzin-Jubert and Arnaud Polette and Dominique Nozais and Jean-Luc Mari and Jean-Philippe Pernot}
}
//url = {https://www.sciencedirect.com/science/article/pii/S0010448521001056},


@article{Mendoza2020,
	title = {Supervised learning of the next-best-view for 3d object reconstruction},
	journal = {Pattern Recognition Letters},
	volume = {133},
	pages = {224-231},
	year = {2020},
	issn = {0167-8655},
	doi = {10.1016/j.patrec.2020.02.024},
	author = {Miguel Mendoza and J. Irving Vasquez-Gomez and Hind Taud and L. Enrique Sucar and Carolina Reta}
}
//url = {https://www.sciencedirect.com/science/article/pii/S0167865518305531},


@article{Zeng2020,
	author = {Rui Zeng and Yuhui Wen and Wang Zhao and Yong-Jin Liu},
	title = {View planning in robot active vision: A survey of systems, algorithms, and applications},
	year = {2020},
	journal = {Computational Visual Media},
	volume = {6},
	number = {3},
	pages = {225-245},
	keywords = {robotic, view planning, active vision, next-best view, sensor planning},
	doi = {10.1007/s41095-020-0179-3}
}
//url = {https://www.sciopen.com/article/10.1007/s41095-020-0179-3},
